<?xml version = "1.0" encoding = "UTF-8"?><record>
  <leader>02342nas#a2200577#ca4500</leader>
  <controlfield tag="005">20210109194757.0</controlfield>
  <controlfield tag="007">tu</controlfield>
  <controlfield tag="008">991119m19562019xxk#|#p#######|####|eng#c</controlfield>
  <controlfield tag="001">990054557960206441</controlfield>
  <datafield tag="016" ind1="7" ind2=" ">
    <subfield code="a">011284447</subfield>
    <subfield code="2">DE-101b</subfield>
  </datafield>
  <datafield tag="016" ind1="7" ind2=" ">
    <subfield code="a">218334-1</subfield>
    <subfield code="2">DE-600</subfield>
  </datafield>
  <datafield tag="016" ind1="7" ind2=" ">
    <subfield code="a">263598161</subfield>
    <subfield code="2">OCoLC</subfield>
  </datafield>
  <datafield tag="022" ind1=" " ind2=" ">
    <subfield code="a">0022-1120</subfield>
    <subfield code="0">(uri) http://worldcat.org/issn/0022-1120</subfield>
  </datafield>
  <datafield tag="029" ind1="a" ind2="c">
    <subfield code="a">1469-7645</subfield>
  </datafield>
  <datafield tag="029" ind1="a" ind2="c">
    <subfield code="a">1750-6859</subfield>
  </datafield>
  <datafield tag="030" ind1=" " ind2=" ">
    <subfield code="a">JFLSA</subfield>
  </datafield>
  <datafield tag="035" ind1=" " ind2=" ">
    <subfield code="a">(DE-605)HT005079174</subfield>
  </datafield>
  <datafield tag="035" ind1=" " ind2=" ">
    <subfield code="a">(DE-600)218334-1</subfield>
  </datafield>
  <datafield tag="035" ind1=" " ind2=" ">
    <subfield code="a">(OCoLC)263598161</subfield>
    <subfield code="0">(uri) http://www.worldcat.org/oclc/263598161</subfield>
  </datafield>
  <datafield tag="035" ind1=" " ind2=" ">
    <subfield code="a">(DE-599)ZDB218334-1</subfield>
  </datafield>
  <datafield tag="040" ind1=" " ind2=" ">
    <subfield code="a">9001</subfield>
    <subfield code="b">ger</subfield>
    <subfield code="c">DNB</subfield>
    <subfield code="d">9001</subfield>
  </datafield>
  <datafield tag="041" ind1=" " ind2=" ">
    <subfield code="a">eng</subfield>
  </datafield>
  <datafield tag="044" ind1=" " ind2=" ">
    <subfield code="c">XA-GB</subfield>
  </datafield>
  <datafield tag="084" ind1=" " ind2=" ">
    <subfield code="a">530</subfield>
    <subfield code="q">DE-600</subfield>
    <subfield code="2">zdbs</subfield>
  </datafield>
  <datafield tag="084" ind1=" " ind2=" ">
    <subfield code="a">MTA 300z</subfield>
    <subfield code="a">PHY 220z</subfield>
    <subfield code="2">stub</subfield>
  </datafield>
  <datafield tag="210" ind1="1" ind2="0">
    <subfield code="a">J. Fluid Mech.</subfield>
    <subfield code="2">din1502</subfield>
  </datafield>
  <datafield tag="210" ind1="1" ind2="0">
    <subfield code="a">J. Fluid Mech. (GB)</subfield>
    <subfield code="2">din1502</subfield>
  </datafield>
  <datafield tag="210" ind1="1" ind2="0">
    <subfield code="a">J. of Fluid Mech.</subfield>
    <subfield code="2">din1502</subfield>
  </datafield>
  <datafield tag="245" ind1="0" ind2="0">
    <subfield code="a">Journal of fluid mechanics</subfield>
  </datafield>
  <datafield tag="264" ind1="3" ind2="1">
    <subfield code="a">Cambridge [u.a.]</subfield>
    <subfield code="b">Cambridge Univ. Press</subfield>
    <subfield code="c">1956-2019</subfield>
  </datafield>
  <datafield tag="336" ind1=" " ind2=" ">
    <subfield code="b">txt</subfield>
  </datafield>
  <datafield tag="337" ind1=" " ind2=" ">
    <subfield code="b">n</subfield>
  </datafield>
  <datafield tag="338" ind1=" " ind2=" ">
    <subfield code="b">nc</subfield>
  </datafield>
  <datafield tag="362" ind1="0" ind2=" ">
    <subfield code="a">1.1956-Vol. 881</subfield>
  </datafield>
  <datafield tag="363" ind1="0" ind2="0">
    <subfield code="8">1.1\x</subfield>
    <subfield code="a">1</subfield>
    <subfield code="i">1956</subfield>
  </datafield>
  <datafield tag="363" ind1="1" ind2="0">
    <subfield code="8">1.2\x</subfield>
    <subfield code="a">881</subfield>
    <subfield code="i">2019</subfield>
  </datafield>
  <datafield tag="500" ind1=" " ind2=" ">
    <subfield code="a">2020 fortgesetzt als Online-Ausgabe</subfield>
    <subfield code="9">F:501</subfield>
  </datafield>
  <datafield tag="555" ind1=" " ind2=" ">
    <subfield code="a">Index 101/120.1980/82 in: 120.1982; 121/140.1982/84 in: 140.1984; 141/160.1984/85 in: 160.1985; 161/180.1985/87 in: 180.1987; 201/220.1989/90 in: 220.1990; 221/240.1991/92 in: 240.1992; 241/260.1992/94 in: 260.1994; 301/320.1995/96 in: 320.1996; 321/340.1996/97 in: 340.1997; 341/360.1997/98 in: 360.1998; 361/380.1998/99 in: 380.1999; 381/400.1999 in: 400.1999; 401/420.1999/2000 in: 420.2000; 442/440.2000/01 in: 440.2001; 461/480.2002/03 in: 480.2003</subfield>
  </datafield>
  <datafield tag="591" ind1=" " ind2=" ">
    <subfield code="a">90!(28-10-19)</subfield>
  </datafield>
  <datafield tag="655" ind1=" " ind2="7">
    <subfield code="a">Zeitschrift</subfield>
    <subfield code="0">(DE-588)4067488-5</subfield>
    <subfield code="2">gnd-content</subfield>
    <subfield code="0">(uri) https://portal.dnb.de/opac.htm?method=simpleSearch&amp;cqlMode=true&amp;query=idn=040674886</subfield>
    <subfield code="0">(uri) http://viaf.org/viaf/sourceID/DNB|040674886</subfield>
    <subfield code="B">GND-040674886</subfield>
  </datafield>
  <datafield tag="689" ind1="0" ind2="0">
    <subfield code="a">Str&#246;mungsmechanik</subfield>
    <subfield code="D">s</subfield>
    <subfield code="0">(DE-588)4077970-1</subfield>
    <subfield code="0">(uri) https://portal.dnb.de/opac.htm?method=simpleSearch&amp;cqlMode=true&amp;query=idn=04077970X</subfield>
    <subfield code="0">(uri) http://viaf.org/viaf/sourceID/DNB|04077970X</subfield>
  </datafield>
  <datafield tag="689" ind1="0" ind2="1">
    <subfield code="a">Zeitschrift</subfield>
    <subfield code="D">s</subfield>
    <subfield code="0">(DE-588)4067488-5</subfield>
    <subfield code="0">(uri) https://portal.dnb.de/opac.htm?method=simpleSearch&amp;cqlMode=true&amp;query=idn=040674886</subfield>
    <subfield code="0">(uri) http://viaf.org/viaf/sourceID/DNB|040674886</subfield>
  </datafield>
  <datafield tag="689" ind1="0" ind2=" ">
    <subfield code="5">ZDB</subfield>
  </datafield>
  <datafield tag="689" ind1="1" ind2="0">
    <subfield code="a">Str&#246;mungsmechanik</subfield>
    <subfield code="D">s</subfield>
    <subfield code="0">(DE-588)4077970-1</subfield>
    <subfield code="0">(uri) https://portal.dnb.de/opac.htm?method=simpleSearch&amp;cqlMode=true&amp;query=idn=04077970X</subfield>
    <subfield code="0">(uri) http://viaf.org/viaf/sourceID/DNB|04077970X</subfield>
  </datafield>
  <datafield tag="689" ind1="1" ind2="1">
    <subfield code="a">Zeitschrift</subfield>
    <subfield code="A">f</subfield>
    <subfield code="0">(uri) https://portal.dnb.de/opac.htm?method=simpleSearch&amp;cqlMode=true&amp;query=idn=040674886</subfield>
    <subfield code="0">(uri) http://viaf.org/viaf/sourceID/DNB|040674886</subfield>
  </datafield>
  <datafield tag="689" ind1="1" ind2=" ">
    <subfield code="5">ZDB</subfield>
  </datafield>
  <datafield tag="776" ind1="0" ind2="8">
    <subfield code="i">Erscheint auch als</subfield>
    <subfield code="n">Online-Ausgabe, 1956-</subfield>
    <subfield code="t">Journal of fluid mechanics</subfield>
    <subfield code="d">Cambridge [u.a.] : Cambridge Univ. Press, 1956-</subfield>
    <subfield code="h">Online-Ressource</subfield>
    <subfield code="w">(DE-605)HT010726576</subfield>
  </datafield>
  <datafield tag="787" ind1="0" ind2="8">
    <subfield code="i">41,1=1969 von</subfield>
    <subfield code="a">Symposium on Turbulence</subfield>
    <subfield code="t">Proceedings of the Boeing Symposium on Turbulence</subfield>
    <subfield code="d">London : Cambridge Univ. Pr., 1970-1970</subfield>
    <subfield code="w">(DE-605)HT011110471</subfield>
  </datafield>
  <datafield tag="964" ind1="0" ind2="s">
    <subfield code="F">030</subfield>
    <subfield code="A">a||u|||||||37</subfield>
  </datafield>
  <datafield tag="964" ind1="0" ind2="s">
    <subfield code="F">050</subfield>
    <subfield code="A">a|a|||||||||||</subfield>
  </datafield>
  <datafield tag="964" ind1="0" ind2="s">
    <subfield code="F">052</subfield>
    <subfield code="A">p||||||t|||||||</subfield>
  </datafield>
  <datafield tag="MBD" ind1=" " ind2=" ">
    <subfield code="M">49HBZ_NETWORK</subfield>
    <subfield code="i">990054557960206441</subfield>
    <subfield code="n">HBZ Network</subfield>
  </datafield>
  <datafield tag="MBD" ind1=" " ind2=" ">
    <subfield code="M">49HBZ_UBD</subfield>
    <subfield code="i">991003391379706445</subfield>
    <subfield code="n">Technische Universit&#228;t Dortmund</subfield>
  </datafield>
  <datafield tag="500" ind1=" " ind2=" ">
    <subfield code="a">2020 fortgesetzt als Online-Ausgabe</subfield>
    <subfield code="9">F:501</subfield>
    <subfield code="M">49HBZ_UBD</subfield>
  </datafield>
  <datafield tag="980" ind1="1" ind2=" ">
    <subfield code="e">HBZ</subfield>
    <subfield code="9">LOCAL</subfield>
    <subfield code="M">49HBZ_UBD</subfield>
  </datafield>
  <datafield tag="981" ind1=" " ind2=" ">
    <subfield code="a">(DE-290)544463</subfield>
    <subfield code="9">LOCAL</subfield>
    <subfield code="M">49HBZ_UBD</subfield>
  </datafield>
  <datafield tag="997" ind1=" " ind2=" ">
    <subfield code="a">19990727</subfield>
    <subfield code="9">LOCAL</subfield>
    <subfield code="M">49HBZ_UBD</subfield>
  </datafield>
  <datafield tag="MBD" ind1=" " ind2=" ">
    <subfield code="M">49HBZ_BIE</subfield>
    <subfield code="i">991014996219706442</subfield>
    <subfield code="n">Universit&#228;t Bielefeld</subfield>
  </datafield>
  <datafield tag="500" ind1=" " ind2=" ">
    <subfield code="a">2020 fortgesetzt als Online-Ausgabe</subfield>
    <subfield code="9">F:501</subfield>
    <subfield code="M">49HBZ_BIE</subfield>
  </datafield>
  <datafield tag="980" ind1="1" ind2=" ">
    <subfield code="e">HBZ</subfield>
    <subfield code="9">LOCAL</subfield>
    <subfield code="M">49HBZ_BIE</subfield>
  </datafield>
  <datafield tag="981" ind1=" " ind2=" ">
    <subfield code="a">(DE-361)1006755</subfield>
    <subfield code="9">LOCAL</subfield>
    <subfield code="M">49HBZ_BIE</subfield>
  </datafield>
  <datafield tag="997" ind1=" " ind2=" ">
    <subfield code="a">20020121</subfield>
    <subfield code="9">LOCAL</subfield>
    <subfield code="M">49HBZ_BIE</subfield>
  </datafield>
  <datafield tag="MBD" ind1=" " ind2=" ">
    <subfield code="M">49HBZ_UDE</subfield>
    <subfield code="i">990006817600206446</subfield>
    <subfield code="n">Universit&#228;t Duisburg-Essen</subfield>
  </datafield>
  <datafield tag="500" ind1=" " ind2=" ">
    <subfield code="a">2020 fortgesetzt als Online-Ausgabe</subfield>
    <subfield code="9">F:501</subfield>
    <subfield code="M">49HBZ_UDE</subfield>
  </datafield>
  <datafield tag="MBD" ind1=" " ind2=" ">
    <subfield code="M">49HBZ_DUE</subfield>
    <subfield code="i">990009060260206443</subfield>
    <subfield code="n">Universit&#228;t D&#252;sseldorf</subfield>
  </datafield>
  <datafield tag="500" ind1=" " ind2=" ">
    <subfield code="a">2020 fortgesetzt als Online-Ausgabe</subfield>
    <subfield code="9">F:501</subfield>
    <subfield code="M">49HBZ_DUE</subfield>
  </datafield>
  <datafield tag="996" ind1=" " ind2=" ">
    <subfield code="a">fluid mechanics</subfield>
    <subfield code="9">LOCAL</subfield>
    <subfield code="M">49HBZ_DUE</subfield>
  </datafield>
  <datafield tag="996" ind1=" " ind2=" ">
    <subfield code="a">Mechanik</subfield>
    <subfield code="9">LOCAL</subfield>
    <subfield code="M">49HBZ_DUE</subfield>
  </datafield>
  <datafield tag="996" ind1=" " ind2=" ">
    <subfield code="a">Str&#246;mung</subfield>
    <subfield code="9">LOCAL</subfield>
    <subfield code="M">49HBZ_DUE</subfield>
  </datafield>
  <datafield tag="MNG" ind1=" " ind2=" ">
    <subfield code="c">System</subfield>
    <subfield code="f">ILS</subfield>
    <subfield code="i">marc21</subfield>
    <subfield code="k">01</subfield>
    <subfield code="e">false</subfield>
    <subfield code="d">2021-01-09 19:47:57 Europe/Berlin</subfield>
    <subfield code="g">005455796-HBZ01</subfield>
    <subfield code="j">90</subfield>
    <subfield code="a">import</subfield>
    <subfield code="b">2020-11-23 01:33:30 Europe/Berlin</subfield>
  </datafield>
  <datafield tag="H16" ind1="7" ind2=" ">
    <subfield code="a">218334-1</subfield>
    <subfield code="2">DE-600</subfield>
    <subfield code="8">2296117640006445</subfield>
  </datafield>
  <datafield tag="H35" ind1=" " ind2=" ">
    <subfield code="a">(DE-600)017849918</subfield>
    <subfield code="8">2296117640006445</subfield>
  </datafield>
  <datafield tag="H35" ind1=" " ind2=" ">
    <subfield code="a">(DE-290)017849918-49hbz_ubd</subfield>
    <subfield code="8">2296117640006445</subfield>
  </datafield>
  <datafield tag="H92" ind1=" " ind2=" ">
    <subfield code="a">463000-2</subfield>
    <subfield code="d">290</subfield>
    <subfield code="k">NRW</subfield>
    <subfield code="l">a</subfield>
    <subfield code="o">c</subfield>
    <subfield code="8">2296117640006445</subfield>
  </datafield>
  <datafield tag="H52" ind1=" " ind2=" ">
    <subfield code="b">ZB</subfield>
    <subfield code="c">ZS</subfield>
    <subfield code="8">1</subfield>
    <subfield code="h">ZQ 319</subfield>
    <subfield code="9">00</subfield>
    <subfield code="8">2296117640006445</subfield>
  </datafield>
  <datafield tag="H59" ind1="0" ind2="0">
    <subfield code="8">1.1\x</subfield>
    <subfield code="a">330</subfield>
    <subfield code="i">1997</subfield>
    <subfield code="8">2296117640006445</subfield>
  </datafield>
  <datafield tag="H59" ind1="1" ind2="0">
    <subfield code="8">1.2\x</subfield>
    <subfield code="a">689</subfield>
    <subfield code="i">2011</subfield>
    <subfield code="8">2296117640006445</subfield>
  </datafield>
  <datafield tag="H66" ind1="3" ind2="0">
    <subfield code="a">330.1997 -  689.2011</subfield>
    <subfield code="8">2296117640006445</subfield>
  </datafield>
  <datafield tag="HOL" ind1=" " ind2=" ">
    <subfield code="b">2020-11-26 20:32:25</subfield>
    <subfield code="8">2296117640006445</subfield>
    <subfield code="M">49HBZ_UBD</subfield>
    <subfield code="g">false</subfield>
    <subfield code="a">import</subfield>
  </datafield>
  <datafield tag="H16" ind1="7" ind2=" ">
    <subfield code="a">218334-1</subfield>
    <subfield code="2">DE-600</subfield>
    <subfield code="8">22145378800006442</subfield>
  </datafield>
  <datafield tag="H35" ind1=" " ind2=" ">
    <subfield code="a">(DE-600)017850045</subfield>
    <subfield code="8">22145378800006442</subfield>
  </datafield>
  <datafield tag="H35" ind1=" " ind2=" ">
    <subfield code="a">(DE-361)017850045-49hbz_bie</subfield>
    <subfield code="8">22145378800006442</subfield>
  </datafield>
  <datafield tag="H92" ind1=" " ind2=" ">
    <subfield code="a">481000-4</subfield>
    <subfield code="d">361</subfield>
    <subfield code="k">NRW</subfield>
    <subfield code="l">a</subfield>
    <subfield code="o">c</subfield>
    <subfield code="u">C</subfield>
    <subfield code="8">22145378800006442</subfield>
  </datafield>
  <datafield tag="H52" ind1=" " ind2=" ">
    <subfield code="b">UB_BI</subfield>
    <subfield code="c">17_Zs</subfield>
    <subfield code="8">1</subfield>
    <subfield code="h">17 QD000 J8F6M</subfield>
    <subfield code="9">00</subfield>
    <subfield code="8">22145378800006442</subfield>
  </datafield>
  <datafield tag="H59" ind1="0" ind2="0">
    <subfield code="8">1.1\x</subfield>
    <subfield code="a">138</subfield>
    <subfield code="i">1984</subfield>
    <subfield code="8">22145378800006442</subfield>
  </datafield>
  <datafield tag="H59" ind1="1" ind2="0">
    <subfield code="8">1.2\x</subfield>
    <subfield code="a">245</subfield>
    <subfield code="i">1992</subfield>
    <subfield code="8">22145378800006442</subfield>
  </datafield>
  <datafield tag="H66" ind1="3" ind2="0">
    <subfield code="a">138.1984 - 245.1992</subfield>
    <subfield code="8">22145378800006442</subfield>
  </datafield>
  <datafield tag="HOL" ind1=" " ind2=" ">
    <subfield code="b">2020-11-22 19:42:01</subfield>
    <subfield code="8">22145378800006442</subfield>
    <subfield code="M">49HBZ_BIE</subfield>
    <subfield code="g">false</subfield>
    <subfield code="a">import</subfield>
  </datafield>
  <datafield tag="H16" ind1="7" ind2=" ">
    <subfield code="a">218334-1</subfield>
    <subfield code="2">DE-600</subfield>
    <subfield code="8">22194680160006446</subfield>
  </datafield>
  <datafield tag="H35" ind1=" " ind2=" ">
    <subfield code="a">(DE-600)017850096</subfield>
    <subfield code="8">22194680160006446</subfield>
  </datafield>
  <datafield tag="H92" ind1=" " ind2=" ">
    <subfield code="a">432000-1</subfield>
    <subfield code="k">NRW</subfield>
    <subfield code="l">a</subfield>
    <subfield code="o">b</subfield>
    <subfield code="p">x</subfield>
    <subfield code="8">22194680160006446</subfield>
  </datafield>
  <datafield tag="H52" ind1="8" ind2="1">
    <subfield code="a">DE-465</subfield>
    <subfield code="b">E0001</subfield>
    <subfield code="c">E36</subfield>
    <subfield code="h">67 Z 104</subfield>
    <subfield code="8">22194680160006446</subfield>
  </datafield>
  <datafield tag="H59" ind1="0" ind2="0">
    <subfield code="8">1.1\x</subfield>
    <subfield code="a">126</subfield>
    <subfield code="i">1983</subfield>
    <subfield code="8">22194680160006446</subfield>
  </datafield>
  <datafield tag="H59" ind1="1" ind2="0">
    <subfield code="8">1.2\x</subfield>
    <subfield code="a">569</subfield>
    <subfield code="i">2006</subfield>
    <subfield code="8">22194680160006446</subfield>
  </datafield>
  <datafield tag="H66" ind1="3" ind2="0">
    <subfield code="a">126.1983 - 569.2006</subfield>
    <subfield code="8">22194680160006446</subfield>
  </datafield>
  <datafield tag="HOL" ind1=" " ind2=" ">
    <subfield code="b">2020-11-17 20:38:55</subfield>
    <subfield code="8">22194680160006446</subfield>
    <subfield code="M">49HBZ_UDE</subfield>
    <subfield code="g">false</subfield>
    <subfield code="a">import</subfield>
  </datafield>
  <datafield tag="H16" ind1="7" ind2=" ">
    <subfield code="a">218334-1</subfield>
    <subfield code="2">DE-600</subfield>
    <subfield code="8">22194699930006446</subfield>
  </datafield>
  <datafield tag="H35" ind1=" " ind2=" ">
    <subfield code="a">(DE-600)017850088</subfield>
    <subfield code="8">22194699930006446</subfield>
  </datafield>
  <datafield tag="H92" ind1=" " ind2=" ">
    <subfield code="a">411000-6</subfield>
    <subfield code="k">NRW</subfield>
    <subfield code="l">a</subfield>
    <subfield code="o">b</subfield>
    <subfield code="p">x</subfield>
    <subfield code="8">22194699930006446</subfield>
  </datafield>
  <datafield tag="H52" ind1="8" ind2="1">
    <subfield code="a">DE-464</subfield>
    <subfield code="b">D0001</subfield>
    <subfield code="c">D30</subfield>
    <subfield code="h">67 J 5</subfield>
    <subfield code="8">22194699930006446</subfield>
  </datafield>
  <datafield tag="H59" ind1="0" ind2="0">
    <subfield code="8">1.1\x</subfield>
    <subfield code="a">1</subfield>
    <subfield code="i">1956</subfield>
    <subfield code="8">22194699930006446</subfield>
  </datafield>
  <datafield tag="H59" ind1="1" ind2="0">
    <subfield code="8">1.2\x</subfield>
    <subfield code="a">125</subfield>
    <subfield code="i">1982</subfield>
    <subfield code="8">22194699930006446</subfield>
  </datafield>
  <datafield tag="H59" ind1="0" ind2="0">
    <subfield code="8">2.1\x</subfield>
    <subfield code="a">570</subfield>
    <subfield code="i">2007</subfield>
    <subfield code="8">22194699930006446</subfield>
  </datafield>
  <datafield tag="H59" ind1="1" ind2="0">
    <subfield code="8">2.2\x</subfield>
    <subfield code="a">665</subfield>
    <subfield code="i">2010</subfield>
    <subfield code="8">22194699930006446</subfield>
  </datafield>
  <datafield tag="H66" ind1="3" ind2="0">
    <subfield code="a">1.1956 - 125.1982; 570.2007 - 665.2010</subfield>
    <subfield code="8">22194699930006446</subfield>
  </datafield>
  <datafield tag="HOL" ind1=" " ind2=" ">
    <subfield code="b">2020-11-17 20:38:55</subfield>
    <subfield code="8">22194699930006446</subfield>
    <subfield code="M">49HBZ_UDE</subfield>
    <subfield code="g">false</subfield>
    <subfield code="a">import</subfield>
  </datafield>
  <datafield tag="ITM" ind1=" " ind2=" ">
    <subfield code="H">22194680160006446</subfield>
    <subfield code="x">E36</subfield>
    <subfield code="f">ISSBD</subfield>
    <subfield code="v">E36</subfield>
    <subfield code="p">31</subfield>
    <subfield code="X">System</subfield>
    <subfield code="U">2003-05-13 10:59:00</subfield>
    <subfield code="Y">2020-11-17 20:40:18</subfield>
    <subfield code="h">false</subfield>
    <subfield code="e">00001</subfield>
    <subfield code="n">67Z104</subfield>
    <subfield code="j">1</subfield>
    <subfield code="i">474</subfield>
    <subfield code="k">2003</subfield>
    <subfield code="M">49HBZ_UDE</subfield>
    <subfield code="s">1</subfield>
    <subfield code="d">8</subfield>
    <subfield code="V">import</subfield>
    <subfield code="b">884505-100</subfield>
    <subfield code="a">23194680150006446</subfield>
    <subfield code="t">p</subfield>
    <subfield code="c">67 Z 104</subfield>
    <subfield code="q">Bd. 474-477 (2003)</subfield>
    <subfield code="W">2020-11-17 20:38:55</subfield>
    <subfield code="u">E0001</subfield>
    <subfield code="w">E0001</subfield>
  </datafield>
  <datafield tag="ITM" ind1=" " ind2=" ">
    <subfield code="H">22194680160006446</subfield>
    <subfield code="x">E36</subfield>
    <subfield code="f">ISSBD</subfield>
    <subfield code="v">E36</subfield>
    <subfield code="p">31</subfield>
    <subfield code="X">System</subfield>
    <subfield code="U">2004-10-01 10:59:00</subfield>
    <subfield code="Y">2020-11-17 20:40:18</subfield>
    <subfield code="h">false</subfield>
    <subfield code="e">00001</subfield>
    <subfield code="n">67Z104</subfield>
    <subfield code="P">14/a//0</subfield>
    <subfield code="j">1</subfield>
    <subfield code="i">509-512</subfield>
    <subfield code="k">2004</subfield>
    <subfield code="M">49HBZ_UDE</subfield>
    <subfield code="s">1</subfield>
    <subfield code="d">8</subfield>
    <subfield code="V">import</subfield>
    <subfield code="b">884505-540</subfield>
    <subfield code="a">23194680060006446</subfield>
    <subfield code="t">p</subfield>
    <subfield code="c">67 Z 104</subfield>
    <subfield code="q">Bd. 509-512  (2004)</subfield>
    <subfield code="W">2020-11-17 20:38:55</subfield>
    <subfield code="u">E0001</subfield>
    <subfield code="w">E0001</subfield>
  </datafield>
  <datafield tag="ITM" ind1=" " ind2=" ">
    <subfield code="H">22194680160006446</subfield>
    <subfield code="x">E36</subfield>
    <subfield code="f">ISSBD</subfield>
    <subfield code="v">E36</subfield>
    <subfield code="p">31</subfield>
    <subfield code="X">System</subfield>
    <subfield code="U">2004-08-20 10:59:00</subfield>
    <subfield code="Y">2020-11-17 20:40:18</subfield>
    <subfield code="h">false</subfield>
    <subfield code="e">00001</subfield>
    <subfield code="n">67Z104</subfield>
    <subfield code="P">14/a//0</subfield>
    <subfield code="j">1</subfield>
    <subfield code="i">505-508</subfield>
    <subfield code="k">2004</subfield>
    <subfield code="M">49HBZ_UDE</subfield>
    <subfield code="s">1</subfield>
    <subfield code="d">8</subfield>
    <subfield code="V">import</subfield>
    <subfield code="b">884505-500</subfield>
    <subfield code="a">23194680070006446</subfield>
    <subfield code="t">p</subfield>
    <subfield code="c">67 Z 104</subfield>
    <subfield code="q">Bd. 505-508 (2004)</subfield>
    <subfield code="W">2020-11-17 20:38:55</subfield>
    <subfield code="u">E0001</subfield>
    <subfield code="w">E0001</subfield>
  </datafield>
  <datafield tag="ITM" ind1=" " ind2=" ">
    <subfield code="H">22194680160006446</subfield>
    <subfield code="x">E36</subfield>
    <subfield code="f">ISSBD</subfield>
    <subfield code="v">E36</subfield>
    <subfield code="p">31</subfield>
    <subfield code="X">System</subfield>
    <subfield code="U">2003-06-03 10:59:00</subfield>
    <subfield code="Y">2020-11-17 20:40:18</subfield>
    <subfield code="h">false</subfield>
    <subfield code="e">00001</subfield>
    <subfield code="n">67Z104</subfield>
    <subfield code="j">1</subfield>
    <subfield code="i">478</subfield>
    <subfield code="k">2003</subfield>
    <subfield code="M">49HBZ_UDE</subfield>
    <subfield code="s">1</subfield>
    <subfield code="d">8</subfield>
    <subfield code="V">import</subfield>
    <subfield code="b">884505-130</subfield>
    <subfield code="a">23194680140006446</subfield>
    <subfield code="t">p</subfield>
    <subfield code="c">67 Z 104</subfield>
    <subfield code="q">Bd. 478-480 (2003)</subfield>
    <subfield code="W">2020-11-17 20:38:55</subfield>
    <subfield code="u">E0001</subfield>
    <subfield code="w">E0001</subfield>
  </datafield>
  <datafield tag="ITM" ind1=" " ind2=" ">
    <subfield code="H">22194699930006446</subfield>
    <subfield code="x">D30</subfield>
    <subfield code="f">ISSBD</subfield>
    <subfield code="v">D30</subfield>
    <subfield code="p">30</subfield>
    <subfield code="X">System</subfield>
    <subfield code="U">2010-03-31 10:59:00</subfield>
    <subfield code="Y">2021-04-07 16:10:19</subfield>
    <subfield code="h">false</subfield>
    <subfield code="e">00003</subfield>
    <subfield code="n">67J5_d</subfield>
    <subfield code="P">14/a//</subfield>
    <subfield code="j">642-665</subfield>
    <subfield code="i">642</subfield>
    <subfield code="k">2010</subfield>
    <subfield code="M">49HBZ_UDE</subfield>
    <subfield code="s">1</subfield>
    <subfield code="d">8</subfield>
    <subfield code="V">import</subfield>
    <subfield code="F">damit abbest., ab 2011 e-only</subfield>
    <subfield code="L">(E+)#Bubi-K</subfield>
    <subfield code="b">884505-2290</subfield>
    <subfield code="a">23194699890006446</subfield>
    <subfield code="t">8</subfield>
    <subfield code="c">67 J 5</subfield>
    <subfield code="q">Bd. 642-665 (2010)</subfield>
    <subfield code="W">2020-11-17 20:38:55</subfield>
    <subfield code="u">D0001</subfield>
    <subfield code="w">D0001</subfield>
  </datafield>
  <datafield tag="ITM" ind1=" " ind2=" ">
    <subfield code="H">22194680160006446</subfield>
    <subfield code="x">E36</subfield>
    <subfield code="f">ISSBD</subfield>
    <subfield code="v">E36</subfield>
    <subfield code="p">31</subfield>
    <subfield code="X">System</subfield>
    <subfield code="U">2005-06-10 10:59:00</subfield>
    <subfield code="Y">2020-11-17 20:40:18</subfield>
    <subfield code="h">false</subfield>
    <subfield code="e">00001</subfield>
    <subfield code="n">67Z104</subfield>
    <subfield code="P">14/a//0</subfield>
    <subfield code="j">1</subfield>
    <subfield code="i">521</subfield>
    <subfield code="k">2004</subfield>
    <subfield code="M">49HBZ_UDE</subfield>
    <subfield code="s">1</subfield>
    <subfield code="d">8</subfield>
    <subfield code="V">import</subfield>
    <subfield code="L">10 Jahre Freihandaufstellung</subfield>
    <subfield code="b">884505-720</subfield>
    <subfield code="a">23194680030006446</subfield>
    <subfield code="t">p</subfield>
    <subfield code="c">67 Z 104</subfield>
    <subfield code="q">Bd. 521-524 (2004-2005)</subfield>
    <subfield code="W">2020-11-17 20:38:55</subfield>
    <subfield code="u">E0001</subfield>
    <subfield code="w">E0001</subfield>
  </datafield>
  <datafield tag="ITM" ind1=" " ind2=" ">
    <subfield code="H">22194680160006446</subfield>
    <subfield code="x">E36</subfield>
    <subfield code="f">ISSBD</subfield>
    <subfield code="v">E36</subfield>
    <subfield code="p">31</subfield>
    <subfield code="X">System</subfield>
    <subfield code="U">2003-11-11 10:59:00</subfield>
    <subfield code="Y">2020-11-17 20:40:18</subfield>
    <subfield code="h">false</subfield>
    <subfield code="e">00001</subfield>
    <subfield code="n">67Z104</subfield>
    <subfield code="j">1</subfield>
    <subfield code="i">489-492</subfield>
    <subfield code="k">2003</subfield>
    <subfield code="M">49HBZ_UDE</subfield>
    <subfield code="s">1</subfield>
    <subfield code="d">8</subfield>
    <subfield code="V">import</subfield>
    <subfield code="b">884505-260</subfield>
    <subfield code="a">23194680110006446</subfield>
    <subfield code="t">p</subfield>
    <subfield code="c">67 Z 104</subfield>
    <subfield code="q">Bd. 489-492 (2003)</subfield>
    <subfield code="W">2020-11-17 20:38:55</subfield>
    <subfield code="u">E0001</subfield>
    <subfield code="w">E0001</subfield>
  </datafield>
  <datafield tag="ITM" ind1=" " ind2=" ">
    <subfield code="H">22194680160006446</subfield>
    <subfield code="x">E36</subfield>
    <subfield code="f">ISSBD</subfield>
    <subfield code="v">E36</subfield>
    <subfield code="p">31</subfield>
    <subfield code="X">System</subfield>
    <subfield code="U">2003-10-21 10:59:00</subfield>
    <subfield code="Y">2020-11-17 20:40:18</subfield>
    <subfield code="h">false</subfield>
    <subfield code="e">00001</subfield>
    <subfield code="n">67Z104</subfield>
    <subfield code="j">1</subfield>
    <subfield code="i">485-488</subfield>
    <subfield code="k">2003</subfield>
    <subfield code="M">49HBZ_UDE</subfield>
    <subfield code="s">1</subfield>
    <subfield code="d">8</subfield>
    <subfield code="V">import</subfield>
    <subfield code="b">884505-240</subfield>
    <subfield code="a">23194680120006446</subfield>
    <subfield code="t">p</subfield>
    <subfield code="c">67 Z 104</subfield>
    <subfield code="q">Bd. 485-488  (2003)</subfield>
    <subfield code="W">2020-11-17 20:38:55</subfield>
    <subfield code="u">E0001</subfield>
    <subfield code="w">E0001</subfield>
  </datafield>
  <datafield tag="ITM" ind1=" " ind2=" ">
    <subfield code="H">22194680160006446</subfield>
    <subfield code="x">E36</subfield>
    <subfield code="f">ISSBD</subfield>
    <subfield code="v">E36</subfield>
    <subfield code="p">31</subfield>
    <subfield code="X">System</subfield>
    <subfield code="U">2005-07-01 10:59:00</subfield>
    <subfield code="Y">2020-11-17 20:40:18</subfield>
    <subfield code="h">false</subfield>
    <subfield code="e">00001</subfield>
    <subfield code="n">67Z104</subfield>
    <subfield code="P">14/a//0</subfield>
    <subfield code="j">1</subfield>
    <subfield code="i">525</subfield>
    <subfield code="k">2005</subfield>
    <subfield code="M">49HBZ_UDE</subfield>
    <subfield code="s">1</subfield>
    <subfield code="d">8</subfield>
    <subfield code="V">import</subfield>
    <subfield code="b">884505-750</subfield>
    <subfield code="a">23194680020006446</subfield>
    <subfield code="t">p</subfield>
    <subfield code="c">67 Z 104</subfield>
    <subfield code="q">Bd. 525-528 (2005)</subfield>
    <subfield code="W">2020-11-17 20:38:55</subfield>
    <subfield code="u">E0001</subfield>
    <subfield code="w">E0001</subfield>
  </datafield>
  <datafield tag="ITM" ind1=" " ind2=" ">
    <subfield code="H">22194680160006446</subfield>
    <subfield code="x">E36</subfield>
    <subfield code="f">ISSBD</subfield>
    <subfield code="v">E36</subfield>
    <subfield code="p">31</subfield>
    <subfield code="X">System</subfield>
    <subfield code="U">2005-03-09 10:59:00</subfield>
    <subfield code="Y">2020-11-17 20:40:18</subfield>
    <subfield code="h">false</subfield>
    <subfield code="e">00001</subfield>
    <subfield code="n">67Z104</subfield>
    <subfield code="P">14/a//0</subfield>
    <subfield code="j">1</subfield>
    <subfield code="i">517-520</subfield>
    <subfield code="k">2004</subfield>
    <subfield code="M">49HBZ_UDE</subfield>
    <subfield code="s">1</subfield>
    <subfield code="d">8</subfield>
    <subfield code="V">import</subfield>
    <subfield code="b">884505-650</subfield>
    <subfield code="a">23194680040006446</subfield>
    <subfield code="t">p</subfield>
    <subfield code="c">67 Z 104</subfield>
    <subfield code="q">Bd. 517-520 (2004)</subfield>
    <subfield code="W">2020-11-17 20:38:55</subfield>
    <subfield code="u">E0001</subfield>
    <subfield code="w">E0001</subfield>
  </datafield>
  <datafield tag="ITM" ind1=" " ind2=" ">
    <subfield code="H">22194680160006446</subfield>
    <subfield code="x">E36</subfield>
    <subfield code="f">ISSBD</subfield>
    <subfield code="v">E36</subfield>
    <subfield code="p">31</subfield>
    <subfield code="X">System</subfield>
    <subfield code="U">2005-10-28 10:59:00</subfield>
    <subfield code="Y">2020-11-17 20:40:18</subfield>
    <subfield code="h">false</subfield>
    <subfield code="e">00001</subfield>
    <subfield code="n">67Z104</subfield>
    <subfield code="P">14/a//0</subfield>
    <subfield code="j">1</subfield>
    <subfield code="i">529</subfield>
    <subfield code="k">2005</subfield>
    <subfield code="M">49HBZ_UDE</subfield>
    <subfield code="s">1</subfield>
    <subfield code="d">8</subfield>
    <subfield code="V">import</subfield>
    <subfield code="b">884505-840</subfield>
    <subfield code="a">23194680010006446</subfield>
    <subfield code="t">p</subfield>
    <subfield code="c">67 Z 104</subfield>
    <subfield code="q">Bd. 529-536  (2005)</subfield>
    <subfield code="W">2020-11-17 20:38:55</subfield>
    <subfield code="u">E0001</subfield>
    <subfield code="w">E0001</subfield>
  </datafield>
  <datafield tag="ITM" ind1=" " ind2=" ">
    <subfield code="H">22194680160006446</subfield>
    <subfield code="x">E36</subfield>
    <subfield code="f">ISSBD</subfield>
    <subfield code="v">E36</subfield>
    <subfield code="p">31</subfield>
    <subfield code="X">System</subfield>
    <subfield code="U">2004-11-08 10:59:00</subfield>
    <subfield code="Y">2020-11-17 20:40:18</subfield>
    <subfield code="h">false</subfield>
    <subfield code="e">00001</subfield>
    <subfield code="n">67Z104</subfield>
    <subfield code="P">14/a//0</subfield>
    <subfield code="j">1</subfield>
    <subfield code="i">513-516</subfield>
    <subfield code="k">2004</subfield>
    <subfield code="M">49HBZ_UDE</subfield>
    <subfield code="s">1</subfield>
    <subfield code="d">8</subfield>
    <subfield code="V">import</subfield>
    <subfield code="b">884505-570</subfield>
    <subfield code="a">23194680050006446</subfield>
    <subfield code="t">p</subfield>
    <subfield code="c">67 Z 104</subfield>
    <subfield code="q">Bd. 513-516 (2004)</subfield>
    <subfield code="W">2020-11-17 20:38:55</subfield>
    <subfield code="u">E0001</subfield>
    <subfield code="w">E0001</subfield>
  </datafield>
  <datafield tag="ITM" ind1=" " ind2=" ">
    <subfield code="H">22194699930006446</subfield>
    <subfield code="x">D30</subfield>
    <subfield code="f">ISSBD</subfield>
    <subfield code="v">D30</subfield>
    <subfield code="p">30</subfield>
    <subfield code="X">System</subfield>
    <subfield code="U">2008-01-21 10:59:00</subfield>
    <subfield code="Y">2021-04-07 16:10:19</subfield>
    <subfield code="h">false</subfield>
    <subfield code="e">00003</subfield>
    <subfield code="n">67J5_d</subfield>
    <subfield code="P">14/a//</subfield>
    <subfield code="j">594-617</subfield>
    <subfield code="i">594</subfield>
    <subfield code="k">2008</subfield>
    <subfield code="M">49HBZ_UDE</subfield>
    <subfield code="s">1</subfield>
    <subfield code="d">8</subfield>
    <subfield code="V">import</subfield>
    <subfield code="b">884505-1730</subfield>
    <subfield code="a">23194699910006446</subfield>
    <subfield code="t">8</subfield>
    <subfield code="c">67 J 5</subfield>
    <subfield code="q">Bd. 594-617 (2008)</subfield>
    <subfield code="W">2020-11-17 20:38:55</subfield>
    <subfield code="u">D0001</subfield>
    <subfield code="w">D0001</subfield>
  </datafield>
  <datafield tag="ITM" ind1=" " ind2=" ">
    <subfield code="H">22194680160006446</subfield>
    <subfield code="x">E36</subfield>
    <subfield code="f">ISSBD</subfield>
    <subfield code="v">E36</subfield>
    <subfield code="p">31</subfield>
    <subfield code="X">System</subfield>
    <subfield code="U">2004-06-11 10:59:00</subfield>
    <subfield code="Y">2020-11-17 20:40:18</subfield>
    <subfield code="h">false</subfield>
    <subfield code="e">00001</subfield>
    <subfield code="n">67Z104</subfield>
    <subfield code="P">14/a//0</subfield>
    <subfield code="j">1</subfield>
    <subfield code="i">501-504</subfield>
    <subfield code="k">2004</subfield>
    <subfield code="M">49HBZ_UDE</subfield>
    <subfield code="s">1</subfield>
    <subfield code="d">8</subfield>
    <subfield code="V">import</subfield>
    <subfield code="b">884505-440</subfield>
    <subfield code="a">23194680080006446</subfield>
    <subfield code="t">p</subfield>
    <subfield code="c">67 Z 104</subfield>
    <subfield code="q">Bd. 501-504 (2004)</subfield>
    <subfield code="W">2020-11-17 20:38:55</subfield>
    <subfield code="u">E0001</subfield>
    <subfield code="w">E0001</subfield>
  </datafield>
  <datafield tag="ITM" ind1=" " ind2=" ">
    <subfield code="H">22194680160006446</subfield>
    <subfield code="x">E36</subfield>
    <subfield code="f">ISSBD</subfield>
    <subfield code="v">E36</subfield>
    <subfield code="p">31</subfield>
    <subfield code="X">System</subfield>
    <subfield code="U">2004-06-11 10:59:00</subfield>
    <subfield code="Y">2020-11-17 20:40:18</subfield>
    <subfield code="h">false</subfield>
    <subfield code="e">00001</subfield>
    <subfield code="n">67Z104</subfield>
    <subfield code="P">14/a//0</subfield>
    <subfield code="j">1</subfield>
    <subfield code="i">497-500</subfield>
    <subfield code="k">2003</subfield>
    <subfield code="M">49HBZ_UDE</subfield>
    <subfield code="s">1</subfield>
    <subfield code="d">8</subfield>
    <subfield code="V">import</subfield>
    <subfield code="b">884505-430</subfield>
    <subfield code="a">23194680090006446</subfield>
    <subfield code="t">p</subfield>
    <subfield code="c">67 Z 104</subfield>
    <subfield code="q">Bd. 497-500 (2003)</subfield>
    <subfield code="W">2020-11-17 20:38:55</subfield>
    <subfield code="u">E0001</subfield>
    <subfield code="w">E0001</subfield>
  </datafield>
  <datafield tag="ITM" ind1=" " ind2=" ">
    <subfield code="H">22194680160006446</subfield>
    <subfield code="x">E36</subfield>
    <subfield code="f">ISSBD</subfield>
    <subfield code="v">E36</subfield>
    <subfield code="p">31</subfield>
    <subfield code="X">System</subfield>
    <subfield code="U">2004-02-04 10:59:00</subfield>
    <subfield code="Y">2020-11-17 20:40:18</subfield>
    <subfield code="h">false</subfield>
    <subfield code="e">00001</subfield>
    <subfield code="n">67Z104</subfield>
    <subfield code="P">14/a//0</subfield>
    <subfield code="j">1</subfield>
    <subfield code="i">493-496</subfield>
    <subfield code="k">2003</subfield>
    <subfield code="M">49HBZ_UDE</subfield>
    <subfield code="s">1</subfield>
    <subfield code="d">8</subfield>
    <subfield code="V">import</subfield>
    <subfield code="b">884505-310</subfield>
    <subfield code="a">23194680100006446</subfield>
    <subfield code="t">p</subfield>
    <subfield code="c">67 Z 104</subfield>
    <subfield code="q">Bd. 493-496  (2003)</subfield>
    <subfield code="W">2020-11-17 20:38:55</subfield>
    <subfield code="u">E0001</subfield>
    <subfield code="w">E0001</subfield>
  </datafield>
  <datafield tag="ITM" ind1=" " ind2=" ">
    <subfield code="H">22194680160006446</subfield>
    <subfield code="x">E36</subfield>
    <subfield code="f">ISSBD</subfield>
    <subfield code="v">E36</subfield>
    <subfield code="p">31</subfield>
    <subfield code="X">System</subfield>
    <subfield code="U">2003-09-09 10:59:00</subfield>
    <subfield code="Y">2020-11-17 20:40:18</subfield>
    <subfield code="h">false</subfield>
    <subfield code="e">00001</subfield>
    <subfield code="n">67Z104</subfield>
    <subfield code="j">1</subfield>
    <subfield code="i">481</subfield>
    <subfield code="k">2003</subfield>
    <subfield code="M">49HBZ_UDE</subfield>
    <subfield code="s">1</subfield>
    <subfield code="d">8</subfield>
    <subfield code="V">import</subfield>
    <subfield code="b">884505-210</subfield>
    <subfield code="a">23194680130006446</subfield>
    <subfield code="t">p</subfield>
    <subfield code="c">67 Z 104</subfield>
    <subfield code="q">Bd. 481-484 (2003)</subfield>
    <subfield code="W">2020-11-17 20:38:55</subfield>
    <subfield code="u">E0001</subfield>
    <subfield code="w">E0001</subfield>
  </datafield>
  <datafield tag="ITM" ind1=" " ind2=" ">
    <subfield code="H">22194680160006446</subfield>
    <subfield code="x">E36</subfield>
    <subfield code="f">ISSBD</subfield>
    <subfield code="v">E36</subfield>
    <subfield code="p">31</subfield>
    <subfield code="X">System</subfield>
    <subfield code="U">2006-04-20 10:59:00</subfield>
    <subfield code="Y">2020-11-17 20:40:18</subfield>
    <subfield code="h">false</subfield>
    <subfield code="e">00001</subfield>
    <subfield code="n">67Z104</subfield>
    <subfield code="P">14/a//0</subfield>
    <subfield code="j">1</subfield>
    <subfield code="i">541</subfield>
    <subfield code="k">2005</subfield>
    <subfield code="M">49HBZ_UDE</subfield>
    <subfield code="s">1</subfield>
    <subfield code="d">8</subfield>
    <subfield code="V">import</subfield>
    <subfield code="L">10 Jahre Freihandaufstellung! 4 Vols. z.B.!&quot;</subfield>
    <subfield code="b">884505-831</subfield>
    <subfield code="a">23194699990006446</subfield>
    <subfield code="t">p</subfield>
    <subfield code="c">67 Z 104</subfield>
    <subfield code="q">Bd. 541-544 (2005)</subfield>
    <subfield code="W">2020-11-17 20:38:55</subfield>
    <subfield code="u">E0001</subfield>
    <subfield code="w">E0001</subfield>
  </datafield>
  <datafield tag="ITM" ind1=" " ind2=" ">
    <subfield code="H">22194699930006446</subfield>
    <subfield code="x">D30</subfield>
    <subfield code="f">ISSBD</subfield>
    <subfield code="v">D30</subfield>
    <subfield code="p">30</subfield>
    <subfield code="X">System</subfield>
    <subfield code="U">2009-03-27 10:59:00</subfield>
    <subfield code="Y">2021-04-07 16:10:21</subfield>
    <subfield code="h">false</subfield>
    <subfield code="e">00003</subfield>
    <subfield code="n">67J5_d</subfield>
    <subfield code="P">14/a//</subfield>
    <subfield code="j">618-641</subfield>
    <subfield code="i">618</subfield>
    <subfield code="k">2009</subfield>
    <subfield code="M">49HBZ_UDE</subfield>
    <subfield code="s">1</subfield>
    <subfield code="d">8</subfield>
    <subfield code="V">import</subfield>
    <subfield code="b">884505-2020</subfield>
    <subfield code="a">23194699900006446</subfield>
    <subfield code="t">8</subfield>
    <subfield code="c">67 J 5</subfield>
    <subfield code="q">Bd. 618-641 (2009)</subfield>
    <subfield code="W">2020-11-17 20:38:55</subfield>
    <subfield code="u">D0001</subfield>
    <subfield code="w">D0001</subfield>
  </datafield>
  <datafield tag="ITM" ind1=" " ind2=" ">
    <subfield code="H">22194699930006446</subfield>
    <subfield code="x">D30</subfield>
    <subfield code="f">ISSBD</subfield>
    <subfield code="v">D30</subfield>
    <subfield code="p">30</subfield>
    <subfield code="X">System</subfield>
    <subfield code="U">2007-02-01 10:59:00</subfield>
    <subfield code="Y">2021-04-07 16:10:19</subfield>
    <subfield code="h">false</subfield>
    <subfield code="e">00003</subfield>
    <subfield code="n">67J5_d</subfield>
    <subfield code="P">14/a//</subfield>
    <subfield code="j">570-593</subfield>
    <subfield code="i">570</subfield>
    <subfield code="k">2007</subfield>
    <subfield code="M">49HBZ_UDE</subfield>
    <subfield code="s">1</subfield>
    <subfield code="d">8</subfield>
    <subfield code="V">import</subfield>
    <subfield code="b">884505-1500</subfield>
    <subfield code="a">23194699920006446</subfield>
    <subfield code="t">8</subfield>
    <subfield code="c">67 J 5</subfield>
    <subfield code="q">Bd. 570-593 (2007)</subfield>
    <subfield code="W">2020-11-17 20:38:55</subfield>
    <subfield code="u">D0001</subfield>
    <subfield code="w">D0001</subfield>
  </datafield>
  <datafield tag="ITM" ind1=" " ind2=" ">
    <subfield code="H">22194680160006446</subfield>
    <subfield code="x">E36</subfield>
    <subfield code="f">ISSBD</subfield>
    <subfield code="v">E36</subfield>
    <subfield code="p">31</subfield>
    <subfield code="X">System</subfield>
    <subfield code="U">2007-01-12 10:59:00</subfield>
    <subfield code="Y">2020-11-17 20:40:18</subfield>
    <subfield code="h">false</subfield>
    <subfield code="e">00002</subfield>
    <subfield code="n">67Z104</subfield>
    <subfield code="P">14/a//0</subfield>
    <subfield code="j">1</subfield>
    <subfield code="i">565</subfield>
    <subfield code="k">2006</subfield>
    <subfield code="M">49HBZ_UDE</subfield>
    <subfield code="s">1</subfield>
    <subfield code="d">8</subfield>
    <subfield code="V">import</subfield>
    <subfield code="F">Damit abb.</subfield>
    <subfield code="b">884505-1190</subfield>
    <subfield code="a">23194699940006446</subfield>
    <subfield code="t">p</subfield>
    <subfield code="c">67 Z 104</subfield>
    <subfield code="q">Bd. 565-559 (2006)</subfield>
    <subfield code="W">2020-11-17 20:38:55</subfield>
    <subfield code="u">E0001</subfield>
    <subfield code="w">E0001</subfield>
  </datafield>
  <datafield tag="ITM" ind1=" " ind2=" ">
    <subfield code="H">22194680160006446</subfield>
    <subfield code="x">E36</subfield>
    <subfield code="f">ISSBD</subfield>
    <subfield code="v">E36</subfield>
    <subfield code="p">31</subfield>
    <subfield code="X">System</subfield>
    <subfield code="U">2007-01-12 10:59:00</subfield>
    <subfield code="Y">2020-11-17 20:40:18</subfield>
    <subfield code="h">false</subfield>
    <subfield code="e">00002</subfield>
    <subfield code="n">67Z104</subfield>
    <subfield code="P">14/a//0</subfield>
    <subfield code="j">1</subfield>
    <subfield code="i">561</subfield>
    <subfield code="k">2006</subfield>
    <subfield code="M">49HBZ_UDE</subfield>
    <subfield code="s">1</subfield>
    <subfield code="d">8</subfield>
    <subfield code="V">import</subfield>
    <subfield code="b">884505-1180</subfield>
    <subfield code="a">23194699950006446</subfield>
    <subfield code="t">p</subfield>
    <subfield code="c">67 Z 104</subfield>
    <subfield code="q">Bd. 561- 564 (2006)</subfield>
    <subfield code="W">2020-11-17 20:38:55</subfield>
    <subfield code="u">E0001</subfield>
    <subfield code="w">E0001</subfield>
  </datafield>
  <datafield tag="ITM" ind1=" " ind2=" ">
    <subfield code="H">22194680160006446</subfield>
    <subfield code="x">E36</subfield>
    <subfield code="f">ISSBD</subfield>
    <subfield code="v">E36</subfield>
    <subfield code="p">31</subfield>
    <subfield code="X">System</subfield>
    <subfield code="U">2006-10-06 10:59:00</subfield>
    <subfield code="Y">2020-11-17 20:40:18</subfield>
    <subfield code="h">false</subfield>
    <subfield code="e">00002</subfield>
    <subfield code="n">67Z104</subfield>
    <subfield code="P">14/a//0</subfield>
    <subfield code="j">1</subfield>
    <subfield code="i">557</subfield>
    <subfield code="k">2006</subfield>
    <subfield code="M">49HBZ_UDE</subfield>
    <subfield code="s">1</subfield>
    <subfield code="d">8</subfield>
    <subfield code="V">import</subfield>
    <subfield code="b">884505-1170</subfield>
    <subfield code="a">23194699960006446</subfield>
    <subfield code="t">p</subfield>
    <subfield code="c">67 Z 104</subfield>
    <subfield code="q">Bd. 557-560 (2006)</subfield>
    <subfield code="W">2020-11-17 20:38:55</subfield>
    <subfield code="u">E0001</subfield>
    <subfield code="w">E0001</subfield>
  </datafield>
  <datafield tag="ITM" ind1=" " ind2=" ">
    <subfield code="H">22194680160006446</subfield>
    <subfield code="x">E36</subfield>
    <subfield code="f">ISSBD</subfield>
    <subfield code="v">E36</subfield>
    <subfield code="p">31</subfield>
    <subfield code="X">System</subfield>
    <subfield code="U">2006-10-06 10:59:00</subfield>
    <subfield code="Y">2020-11-17 20:40:18</subfield>
    <subfield code="h">false</subfield>
    <subfield code="n">67Z104</subfield>
    <subfield code="P">14/a//0</subfield>
    <subfield code="j">1</subfield>
    <subfield code="i">545</subfield>
    <subfield code="k">2005</subfield>
    <subfield code="M">49HBZ_UDE</subfield>
    <subfield code="s">1</subfield>
    <subfield code="d">8</subfield>
    <subfield code="V">import</subfield>
    <subfield code="b">884505-1160</subfield>
    <subfield code="a">23194699970006446</subfield>
    <subfield code="t">p</subfield>
    <subfield code="c">67 Z 104</subfield>
    <subfield code="q">Bd. 545-552 (2005/2006)</subfield>
    <subfield code="W">2020-11-17 20:38:55</subfield>
    <subfield code="u">E0001</subfield>
    <subfield code="w">E0001</subfield>
  </datafield>
  <datafield tag="ITM" ind1=" " ind2=" ">
    <subfield code="H">22194680160006446</subfield>
    <subfield code="x">E36</subfield>
    <subfield code="f">ISSBD</subfield>
    <subfield code="v">E36</subfield>
    <subfield code="p">31</subfield>
    <subfield code="X">System</subfield>
    <subfield code="U">2006-10-06 10:59:00</subfield>
    <subfield code="Y">2020-11-17 20:40:18</subfield>
    <subfield code="h">false</subfield>
    <subfield code="e">00002</subfield>
    <subfield code="n">67Z104</subfield>
    <subfield code="P">14/a//0</subfield>
    <subfield code="j">1</subfield>
    <subfield code="i">553</subfield>
    <subfield code="k">2006</subfield>
    <subfield code="M">49HBZ_UDE</subfield>
    <subfield code="s">1</subfield>
    <subfield code="d">8</subfield>
    <subfield code="V">import</subfield>
    <subfield code="b">884505-1150</subfield>
    <subfield code="a">23194699980006446</subfield>
    <subfield code="t">p</subfield>
    <subfield code="c">67 Z 104</subfield>
    <subfield code="q">Bd. 553-556 (2006)</subfield>
    <subfield code="W">2020-11-17 20:38:55</subfield>
    <subfield code="u">E0001</subfield>
    <subfield code="w">E0001</subfield>
  </datafield>
  <datafield tag="ITM" ind1=" " ind2=" ">
    <subfield code="H">22194680160006446</subfield>
    <subfield code="x">E36</subfield>
    <subfield code="f">ISSBD</subfield>
    <subfield code="v">E36</subfield>
    <subfield code="p">31</subfield>
    <subfield code="X">System</subfield>
    <subfield code="U">2005-11-14 10:59:00</subfield>
    <subfield code="Y">2020-11-17 20:40:18</subfield>
    <subfield code="h">false</subfield>
    <subfield code="e">00001</subfield>
    <subfield code="n">67Z104</subfield>
    <subfield code="P">14/a//0</subfield>
    <subfield code="j">1</subfield>
    <subfield code="i">537</subfield>
    <subfield code="k">2005</subfield>
    <subfield code="M">49HBZ_UDE</subfield>
    <subfield code="s">1</subfield>
    <subfield code="d">8</subfield>
    <subfield code="V">import</subfield>
    <subfield code="L">10 Jahre Freihandaufstellung! 4 Vols. z.B.!&quot;</subfield>
    <subfield code="b">884505-870</subfield>
    <subfield code="a">23194700000006446</subfield>
    <subfield code="t">p</subfield>
    <subfield code="c">67 Z 104</subfield>
    <subfield code="q">Bd. 537-540  (2005)</subfield>
    <subfield code="W">2020-11-17 20:38:55</subfield>
    <subfield code="u">E0001</subfield>
    <subfield code="w">E0001</subfield>
  </datafield>
  <datafield tag="H16" ind1="7" ind2=" ">
    <subfield code="a">218334-1</subfield>
    <subfield code="2">DE-600</subfield>
    <subfield code="8">22133808070006443</subfield>
  </datafield>
  <datafield tag="H35" ind1=" " ind2=" ">
    <subfield code="a">(DE-600)017849489</subfield>
    <subfield code="8">22133808070006443</subfield>
  </datafield>
  <datafield tag="H92" ind1=" " ind2=" ">
    <subfield code="a">401000-0</subfield>
    <subfield code="d">61</subfield>
    <subfield code="k">NRW</subfield>
    <subfield code="l">a</subfield>
    <subfield code="o">c</subfield>
    <subfield code="8">22133808070006443</subfield>
  </datafield>
  <datafield tag="H52" ind1="8" ind2="1">
    <subfield code="a">DE-61</subfield>
    <subfield code="b">X0041</subfield>
    <subfield code="c">44</subfield>
    <subfield code="h">phy z j 270</subfield>
    <subfield code="8">22133808070006443</subfield>
  </datafield>
  <datafield tag="H59" ind1="0" ind2="0">
    <subfield code="8">1.1\x</subfield>
    <subfield code="a">1</subfield>
    <subfield code="i">1956</subfield>
    <subfield code="8">22133808070006443</subfield>
  </datafield>
  <datafield tag="H59" ind1="1" ind2="0">
    <subfield code="8">1.2\x</subfield>
    <subfield code="a">473</subfield>
    <subfield code="i">2002</subfield>
    <subfield code="8">22133808070006443</subfield>
  </datafield>
  <datafield tag="H66" ind1="3" ind2="0">
    <subfield code="a">1.1956 - 473.2002</subfield>
    <subfield code="8">22133808070006443</subfield>
  </datafield>
  <datafield tag="HOL" ind1=" " ind2=" ">
    <subfield code="b">2020-11-16 11:45:36</subfield>
    <subfield code="8">22133808070006443</subfield>
    <subfield code="M">49HBZ_DUE</subfield>
    <subfield code="g">false</subfield>
    <subfield code="a">import</subfield>
  </datafield>
  <datafield tag="GST" ind1=" " ind2=" ">
    <subfield code="a">Fluiddynamik</subfield>
    <subfield code="A">GND</subfield>
    <subfield code="B">GND-04077970X</subfield>
    <subfield code="C">450</subfield>
  </datafield>
  <datafield tag="GST" ind1=" " ind2=" ">
    <subfield code="a">Fluidmechanik</subfield>
    <subfield code="A">GND</subfield>
    <subfield code="B">GND-04077970X</subfield>
    <subfield code="C">450</subfield>
  </datafield>
  <datafield tag="GST" ind1=" " ind2=" ">
    <subfield code="a">Stro&#776;mungslehre</subfield>
    <subfield code="A">GND</subfield>
    <subfield code="B">GND-04077970X</subfield>
    <subfield code="C">450</subfield>
  </datafield>
  <datafield tag="GST" ind1=" " ind2=" ">
    <subfield code="a">Technische Fluidmechanik</subfield>
    <subfield code="A">GND</subfield>
    <subfield code="B">GND-04077970X</subfield>
    <subfield code="C">450</subfield>
  </datafield>
  <datafield tag="GST" ind1=" " ind2=" ">
    <subfield code="a">Technische Stro&#776;mungslehre</subfield>
    <subfield code="A">GND</subfield>
    <subfield code="B">GND-04077970X</subfield>
    <subfield code="C">450</subfield>
  </datafield>
  <datafield tag="GST" ind1=" " ind2=" ">
    <subfield code="a">Technische Stro&#776;mungsmechanik</subfield>
    <subfield code="A">GND</subfield>
    <subfield code="B">GND-04077970X</subfield>
    <subfield code="C">450</subfield>
  </datafield>
  <datafield tag="GST" ind1=" " ind2=" ">
    <subfield code="a">Stro&#776;mungsdynamik</subfield>
    <subfield code="A">GND</subfield>
    <subfield code="B">GND-04077970X</subfield>
    <subfield code="C">450</subfield>
  </datafield>
  <datafield tag="GST" ind1=" " ind2=" ">
    <subfield code="a">Aerohydrodynamik</subfield>
    <subfield code="A">GND</subfield>
    <subfield code="B">GND-04077970X</subfield>
    <subfield code="C">450</subfield>
  </datafield>
  <datafield tag="GSI" ind1="7" ind2=" ">
    <subfield code="a">http://d-nb.info/gnd/4077970-1</subfield>
    <subfield code="2">uri</subfield>
    <subfield code="A">GND</subfield>
    <subfield code="B">GND-04077970X</subfield>
    <subfield code="C">024</subfield>
  </datafield>
  <datafield tag="GST" ind1=" " ind2=" ">
    <subfield code="a">Periodikum</subfield>
    <subfield code="A">GND</subfield>
    <subfield code="B">GND-040674886</subfield>
    <subfield code="C">450</subfield>
  </datafield>
  <datafield tag="GST" ind1=" " ind2=" ">
    <subfield code="a">Zeitschriften</subfield>
    <subfield code="A">GND</subfield>
    <subfield code="B">GND-040674886</subfield>
    <subfield code="C">450</subfield>
  </datafield>
  <datafield tag="GSI" ind1="7" ind2=" ">
    <subfield code="a">http://d-nb.info/gnd/4067488-5</subfield>
    <subfield code="2">uri</subfield>
    <subfield code="A">GND</subfield>
    <subfield code="B">GND-040674886</subfield>
    <subfield code="C">024</subfield>
  </datafield>
  <datafield tag="GST" ind1=" " ind2=" ">
    <subfield code="a">Fluiddynamik</subfield>
    <subfield code="A">GND</subfield>
    <subfield code="B">GND-04077970X</subfield>
    <subfield code="C">450</subfield>
  </datafield>
  <datafield tag="GST" ind1=" " ind2=" ">
    <subfield code="a">Fluidmechanik</subfield>
    <subfield code="A">GND</subfield>
    <subfield code="B">GND-04077970X</subfield>
    <subfield code="C">450</subfield>
  </datafield>
  <datafield tag="GST" ind1=" " ind2=" ">
    <subfield code="a">Stro&#776;mungslehre</subfield>
    <subfield code="A">GND</subfield>
    <subfield code="B">GND-04077970X</subfield>
    <subfield code="C">450</subfield>
  </datafield>
  <datafield tag="GST" ind1=" " ind2=" ">
    <subfield code="a">Technische Fluidmechanik</subfield>
    <subfield code="A">GND</subfield>
    <subfield code="B">GND-04077970X</subfield>
    <subfield code="C">450</subfield>
  </datafield>
  <datafield tag="GST" ind1=" " ind2=" ">
    <subfield code="a">Technische Stro&#776;mungslehre</subfield>
    <subfield code="A">GND</subfield>
    <subfield code="B">GND-04077970X</subfield>
    <subfield code="C">450</subfield>
  </datafield>
  <datafield tag="GST" ind1=" " ind2=" ">
    <subfield code="a">Technische Stro&#776;mungsmechanik</subfield>
    <subfield code="A">GND</subfield>
    <subfield code="B">GND-04077970X</subfield>
    <subfield code="C">450</subfield>
  </datafield>
  <datafield tag="GST" ind1=" " ind2=" ">
    <subfield code="a">Stro&#776;mungsdynamik</subfield>
    <subfield code="A">GND</subfield>
    <subfield code="B">GND-04077970X</subfield>
    <subfield code="C">450</subfield>
  </datafield>
  <datafield tag="GST" ind1=" " ind2=" ">
    <subfield code="a">Aerohydrodynamik</subfield>
    <subfield code="A">GND</subfield>
    <subfield code="B">GND-04077970X</subfield>
    <subfield code="C">450</subfield>
  </datafield>
  <datafield tag="GSI" ind1="7" ind2=" ">
    <subfield code="a">http://d-nb.info/gnd/4077970-1</subfield>
    <subfield code="2">uri</subfield>
    <subfield code="A">GND</subfield>
    <subfield code="B">GND-04077970X</subfield>
    <subfield code="C">024</subfield>
  </datafield>
  <datafield tag="GST" ind1=" " ind2=" ">
    <subfield code="a">Periodikum</subfield>
    <subfield code="A">GND-CONTENT</subfield>
    <subfield code="B">GND-040674886</subfield>
    <subfield code="C">450</subfield>
  </datafield>
  <datafield tag="GST" ind1=" " ind2=" ">
    <subfield code="a">Zeitschriften</subfield>
    <subfield code="A">GND-CONTENT</subfield>
    <subfield code="B">GND-040674886</subfield>
    <subfield code="C">450</subfield>
  </datafield>
  <datafield tag="GSI" ind1="7" ind2=" ">
    <subfield code="a">http://d-nb.info/gnd/4067488-5</subfield>
    <subfield code="2">uri</subfield>
    <subfield code="A">GND-CONTENT</subfield>
    <subfield code="B">GND-040674886</subfield>
    <subfield code="C">024</subfield>
  </datafield>
</record>